<?xml version="1.0" encoding="UTF-8"?><collection xmlns="http://www.loc.gov/MARC21/slim"><record><leader>00641nam--2200181-i-4500</leader><controlfield tag="001">000011661</controlfield><controlfield tag="002">20161230</controlfield><controlfield tag="005">20161230201029</controlfield><controlfield tag="008">060222s1000------------r-----000-0-eng-d</controlfield><datafield ind1=" " ind2=" " tag="040"><subfield code="a">IFIN-HH</subfield></datafield><datafield ind1=" " ind2=" " tag="080"><subfield code="a">533.9(061.3)</subfield></datafield><datafield ind1="1" ind2=" " tag="100"><subfield code="a">Dewitt, C</subfield></datafield><datafield ind1="1" ind2="0" tag="245"><subfield code="a">Plasma physics; physique des plasmas</subfield><subfield code="b">UNIVERSITE DE GRENOBLE SUMMER SCHOOL OF THEORETICAL PHYSICS, LES HOUCHES, 1972. Supported by NATO and the Commissariat a l'Energie Atomique</subfield><subfield code="c">C. DeWitt, J. Peyraud (Eds.)</subfield></datafield><datafield ind1=" " ind2=" " tag="260"><subfield code="a">New York, Gordon And Breach Science Publishers, 1972</subfield></datafield><datafield ind1=" " ind2=" " tag="300"><subfield code="a">XIII+542P</subfield></datafield><datafield ind1=" " ind2=" " tag="700"><subfield code="a">Peyraud, J</subfield></datafield><datafield ind1=" " ind2=" " tag="852"><subfield code="a">43064</subfield><subfield code="c">533.9</subfield></datafield><datafield ind1=" " ind2=" " tag="CAT"><subfield code="a">Sys</subfield><subfield code="c">20100927</subfield><subfield code="h">142805</subfield></datafield></record></collection>